@online{fuentes-Linux,
    title={Fuentes de Linux con el parche tiempo real aplicado},
    url={sftp://hendrix.cps.unizar.es/misc/practicas/SE-II/PR3/kernel-rt.xz},
    urldate={2021-01-15}
}

@online{diagrama-latencia,
    title={Diapositivas de la asignatura del tema sobre excepciones},
    url={https://moodle.unizar.es/add/pluginfile.php/2824553/mod_resource/content/3/SE2_09_Exceptions.pdf},
    urldate={2021-01-15}
}

@online{fuentes-modulo,
    title={Fuentes del módulo con el que se ha medido la latencia de interrupción},
    url={sftp://hendrix.cps.unizar.es/misc/practicas/SE-II/PR4},
    urldate={2021-01-15}
}

@online{manual-placa,
    title={Manual de la placa BeagleBone},
    url={https://moodle.unizar.es/add/pluginfile.php/2824583/mod_resource/content/1/BeagleBoneR6.SysRefMan.pdf},
    urldate={2021-01-15}
}

@online{manual-soc,
    title={Manual de referencia del SoC de la placa BeagleBone},
    url={https://www.ti.com/lit/ug/spruh73q/spruh73q.pdf},
    urldate={2021-01-15}
}
