@COMMENT{%REPOSITORIOS}

@online{fuentes-Linux,
    title={Fuentes de Linux con el parche tiempo real aplicado},
    url={sftp://hendrix.cps.unizar.es/misc/practicas/SE-II/PR3/kernel-rt.xz},
    urldate={2021-01-31}
}

@online{repositorio-trace-cmd,
    title={Repositorio oficial de la herramienta trace-cmd},
    url={git://git.kernel.org/pub/scm/utils/trace-cmd/trace-cmd.git},
    urldate={2021-01-31}
}

@online{repositorio-stress-ng,
    title={Repositorio oficial de la herramienta stress-ng},
    url={https://github.com/ColinIanKing/stress-ng},
    urldate={2021-01-31}
}

@COMMENT{%DOCUMENTACIÓN OFICIAL: documentación oficial sobre las herramientas, configuración y aspectos del kernel en general}

@online{documentacion-tracing-technologies-Linux,
    title={Documentación oficial de tecnologías de tracing en la versión más reciente de Linux},
    url={https://www.kernel.org/doc/html/latest/trace/index.html},
    urldate={2021-02-05}
}

@online{documentacion-ftrace-Linux,
    title={Documentación oficial de Ftrace en la versión más reciente de Linux},
    url={https://www.kernel.org/doc/html/latest/trace/ftrace.html},
    urldate={2021-02-05}
}

@online{documentacion-Linux39-trace,
    title={Documentación oficial del kernel 3.9 sobre Ftrace},
    url={https://elixir.bootlin.com/linux/v3.9/source/Documentation/trace/ftrace.txt},
    urldate={2021-02-05},
    note = {\it{(relacionado: \url{https://elixir.bootlin.com/linux/v3.9/source/Documentation/trace/events.txt} y \url{https://elixir.bootlin.com/linux/v3.9/source/Documentation/trace/tracepoints.txt})}}
}

@online{documentacion-stress-ng,
    title={Documentación oficial de la herramienta stress-ng},
    url={https://kernel.ubuntu.com/~cking/stress-ng/stress-ng.pdf},
    urldate={2021-02-05}
}

@online{documentacion-stress-ng-android,
    title={README de la herramienta stress-ng para plataformas Android},
    url={https://github.com/ColinIanKing/stress-ng/blob/master/README.Android},
    urldate={2021-02-05}
}

@online{documentacion-trace-cmd,
    title={Páginas de manual de la herramienta trace-cmd},
    url={https://kernel.ubuntu.com/~cking/stress-ng/stress-ng.pdf},
    urldate={2021-02-05}
}

@COMMENT{% DOCUMENTACIÓN NO OFICIAL: blogs y sitios web con información y explicaciones de ciertos temas, y que han resultado de gran ayuda para la realización del trabajo}

@online{informacion-tracing-technologies-Linux,
    title={Blog sobre tecnologías de tracing en Linux},
    url={https://jvns.ca/blog/2017/07/05/linux-tracing-systems/},
    urldate={2021-02-05}
}

@online{informacion-kprobes-Linux,
    title={Blog sobre kprobes en Linux},
    url={https://vjordan.info/log/fpga/how-linux-kprobes-works.html},
    urldate={2021-02-05}
}

@online{informacion-ftrace-Linux,
    title={Blog sobre el funcionamiento de ftrace en Linux},
    url={https://embeddedbits.org/tracing-the-linux-kernel-with-ftrace/},
    urldate={2021-02-05}
}
